@Book{CodeQualityManagement,
author = {Simon, Frank and Seng, Olaf and Mohaupt, Thomas},
title = {Code-Quality-Management: Technische Qualit√§t industrieller Softwaresysteme transparent und vergleichbar gemacht},
publisher = {dpunkt.verlag},
year = {2006}
}