@Misc{PluginTutorial,
author = {deors},
title = {Writing your own SonarQube Plug-ins},
howpublished = {https://deors.wordpress.com/2014/03/20/sonarqube-plugins-1/},
month = {März},
year = {2014},
}
@Misc{APIChanges,
author = {SonarQube},
title = {API Changes},
howpublished = {https://docs.sonarqube.org/display/DEV/API+Changes},
month = {Jan.},
year = {2017},
}

@Book{SoftwareInZahlen,
author = {Sneed, Harry M. and Seidl, Richard and Baumgartner, Manfred},
title = {Software in Zahlen - Die Vermessung von Applikationen},
publisher = {Hanser},
year = {2010}
}
@Manual{SoftAuditDoku,
title = {SoftAudit - System Auditing Werkzeug - Version 1.5},
author = {Sneed, Harry M.},
organization = {Anecon},
year = {2010},
month={Dez.}
}
@Book{SoftwareMeasurement,
author = {Ebert, Christof and Dumke, Reiner},
title = {Software Measurement: Establish - Extract - Evaluate - Execute},
publisher = {Springer},
year = {2007}
}
@Book{CodeQualityManagement,
author = {Simon, Frank and Seng, Olaf and Mohaupt, Thomas},
title = {Code-Quality-Management: Technische Qualität industrieller Softwaresysteme transparent und vergleichbar gemacht},
publisher = {dpunkt.verlag},
year = {2006}
}
@Book{FrameworkSoftwareMeasurement,
author = {Zuse, Horst},
title = {A Framework of Software Measurement},
publisher = {De Gruyter},
year = {1998}
}
@Book{SoftwareMetrics,
author = {Fenton, Norman E. and Pfleeger, Shari Lawrence},
title = {Software Metrics: A Rigorous and Practical Approach},
publisher = {International Thomson Computer Press},
year = {1996}
}
@Article{SoftwareComplexityMeasurement,
author = {Kearney, Joseph K. and Sedlmeyer, Robert L. and Thompson, William B. and Gray, Michael A. and Adler, Michael A.},
title = {Software Complexity Measurement},
journal = {Communications of the ACM},
year = {1986},
volume = {29},
number = {11},
month = {Nov.}
}
@Book{SoftwareScience,
author = {Halstead, Maurice H.},
title = {Elements of software science},
publisher = {Elsevier},
year = {1977}
}
@Article{AComplexityMeasure,
author = {McCabe, Thomas J.},
title = {A Complexity Measure},
journal = {IEEE Transactions on Software Engineering},
year = {1976},
volume = {SE-2},
pages = {308-320}
}
@Book{SonarQubeInAction,
author = {Campbell, G. Ann and Papapetrou, Patroklos P.},
title = {SonarQube in Action},
publisher = {Manning},
year = {2014}
}
